<record><leader>00000cas a22000007a 4500</leader><controlfield tag="001">15213468</controlfield><controlfield tag="008">870219d18981902iauwr ne      0    0eng d</controlfield><datafield ind1=" " ind2=" " tag="010"><subfield code="a">sn 87058059 </subfield></datafield><datafield ind1=" " ind2=" " tag="040"><subfield code="a">INP</subfield><subfield code="b">eng</subfield><subfield code="c">INP</subfield><subfield code="d">OCLCQ</subfield></datafield><datafield ind1=" " ind2=" " tag="042"><subfield code="a">msc</subfield></datafield><datafield ind1="0" ind2="0" tag="245"><subfield code="a">Monroe County news and Albia Democrat.</subfield></datafield><datafield ind1="3" ind2="0" tag="246"><subfield code="a">Monroe County news</subfield></datafield><datafield ind1="1" ind2="3" tag="246"><subfield code="a">Monroe County news and Albia progress-defender</subfield></datafield><datafield ind1=" " ind2=" " tag="260"><subfield code="a">Albia, Iowa :</subfield><subfield code="b">Clark &amp; Gass,</subfield><subfield code="c">-1902.</subfield></datafield><datafield ind1=" " ind2=" " tag="300"><subfield code="a">v. :</subfield><subfield code="b">ill.</subfield></datafield><datafield ind1=" " ind2=" " tag="310"><subfield code="a">Weekly</subfield></datafield><datafield ind1="1" ind2=" " tag="362"><subfield code="a">Began on Sept. 23 or Sept. 30, 1898.</subfield></datafield><datafield ind1="0" ind2=" " tag="362"><subfield code="a">-v. 23, no. 16 (Apr. 17, 1902).</subfield></datafield><datafield ind1=" " ind2=" " tag="500"><subfield code="a">"Official county paper."</subfield></datafield><datafield ind1=" " ind2=" " tag="588"><subfield code="a">Description based on: Vol. 8, no. 45 (Sept. 30, 1898).</subfield></datafield><datafield ind1=" " ind2=" " tag="752"><subfield code="a">United States</subfield><subfield code="b">Iowa</subfield><subfield code="c">Monroe</subfield><subfield code="d">Albia.</subfield></datafield><datafield ind1="0" ind2="0" tag="780"><subfield code="t">Monroe County news (Albia, Iowa : 1897)</subfield><subfield code="w">(DLC)sn 87058058</subfield></datafield><datafield ind1="0" ind2="0" tag="785"><subfield code="t">Monroe County news (Albia, Iowa : 1902)</subfield><subfield code="w">(DLC)sn 87058060</subfield></datafield></record>